<record><leader>00000cas a2200000 a 4500</leader><controlfield tag="001">24855112</controlfield><controlfield tag="008">911125c19739999iluwr ne      0   a0eng c</controlfield><datafield ind1=" " ind2=" " tag="010"><subfield code="a">sn 91054200 </subfield></datafield><datafield ind1=" " ind2=" " tag="040"><subfield code="a">NVF</subfield><subfield code="b">eng</subfield><subfield code="c">NVF</subfield><subfield code="d">OCLCQ</subfield><subfield code="d">NVF</subfield><subfield code="d">OCLCQ</subfield><subfield code="d">NVF</subfield><subfield code="d">OCLCO</subfield><subfield code="d">OCLCF</subfield></datafield><datafield ind1="1" ind2=" " tag="029"><subfield code="a">AU@</subfield><subfield code="b">000025870653</subfield></datafield><datafield ind1=" " ind2=" " tag="042"><subfield code="a">pcc</subfield></datafield><datafield ind1=" " ind2=" " tag="043"><subfield code="a">n-us-il</subfield></datafield><datafield ind1="0" ind2="0" tag="245"><subfield code="a">Cahokia-Dupo herald.</subfield></datafield><datafield ind1="3" ind2=" " tag="246"><subfield code="a">Cahokia Dupo herald</subfield></datafield><datafield ind1=" " ind2=" " tag="260"><subfield code="a">Cahokia, Ill. :</subfield><subfield code="b">Fischer Publications,</subfield><subfield code="c">1973-</subfield></datafield><datafield ind1=" " ind2=" " tag="300"><subfield code="a">v.</subfield></datafield><datafield ind1=" " ind2=" " tag="310"><subfield code="a">Weekly</subfield></datafield><datafield ind1="0" ind2=" " tag="362"><subfield code="a">Vol. 22, no. 49 (Mar. 1, 1973)-</subfield></datafield><datafield ind1=" " ind2=" " tag="515"><subfield code="a">Continues the numbering of Cahokia herald.</subfield></datafield><datafield ind1=" " ind2=" " tag="580"><subfield code="a">Formed by the union of: Cahokia herald and: Dupo herald tribune.</subfield></datafield><datafield ind1=" " ind2="0" tag="651"><subfield code="a">Cahokia (Ill.)</subfield><subfield code="v">Newspapers.</subfield></datafield><datafield ind1=" " ind2="0" tag="651"><subfield code="a">Dupo (Ill.)</subfield><subfield code="v">Newspapers.</subfield></datafield><datafield ind1=" " ind2="7" tag="655"><subfield code="a">Newspapers.</subfield><subfield code="2">fast</subfield><subfield code="0">(OCoLC)fst01423814</subfield></datafield><datafield ind1=" " ind2="7" tag="651"><subfield code="a">Illinois</subfield><subfield code="z">Cahokia.</subfield><subfield code="2">fast</subfield><subfield code="0">(OCoLC)fst01224590</subfield></datafield><datafield ind1=" " ind2="7" tag="651"><subfield code="a">Illinois</subfield><subfield code="z">Dupo.</subfield><subfield code="2">fast</subfield><subfield code="0">(OCoLC)fst01882445</subfield></datafield><datafield ind1=" " ind2=" " tag="752"><subfield code="a">United States</subfield><subfield code="b">Illinois</subfield><subfield code="c">Saint Clair</subfield><subfield code="d">Cahokia.</subfield></datafield><datafield ind1="1" ind2="4" tag="780"><subfield code="t">Cahokia herald</subfield><subfield code="w">(DLC)sn 91054199</subfield><subfield code="w">(OCoLC)24855039</subfield></datafield><datafield ind1="1" ind2="4" tag="780"><subfield code="t">Dupo herald tribune</subfield><subfield code="w">(DLC)sn 91054198</subfield><subfield code="w">(OCoLC)24854981</subfield></datafield></record>